@report{CampFireReport,
	author = {California Watershed Emergency Response Team},
	title = {CAMP FIRE Final Report},
	year = {2018},
	OPTurl = {http://cdfdata.fire.ca.gov/pub/cdf/images/incidentfile2277_4330.pdf}
}

@article{CampFire,
	Abstract = {The article discusses the impact that the dry summer and climate change had on the magnitude of the wildfire known as Camp Fire, commenting on the forecasted rain that may put an end to the fire.},
	ISSN = {02624079},
	Journal = {New Scientist},
	Keywords = {Camp Fire, 2018, Fires -- California, Droughts},
	Number = {3205},
	Pages = {6},
	Title = {Dry summer set the stage for Camp Fire.},
	Volume = {240},
	URL = {http://ezproxy.libraries.wright.edu/login?url=https://search.ebscohost.com/login.aspx?direct=true&db=iih&AN=133140282&site=eds-live},
	Year = {2018},
}

@manual{WildFireYear,
	title = {National Preparedness},
	date = {April 20th, 2019},
	author = {National Inter-Agency Fire Center},
	url = {https://www.nifc.gov/fireInfo/nfn.htm}
}

@book{ConwayGoL,
	Author = {Adamatzky, Andrew},
	ISBN = {9781849962179},
	Publisher = {Springer},
	Title = {Game of Life cellular automata. [electronic resource].},
	URL = {http://ezproxy.libraries.wright.edu/login?url=https://search.ebscohost.com/login.aspx?direct=true&db=cat01902a&AN=wsu.b3422114&site=eds-live},
	Year = {2010},
}